<record><leader>00000cas a22000007a 4500</leader><controlfield tag="001">18546050</controlfield><controlfield tag="008">880929d18941895nduwr ne      0    0eng d</controlfield><datafield ind1=" " ind2=" " tag="010"><subfield code="a">sn 88076661 </subfield></datafield><datafield ind1=" " ind2=" " tag="040"><subfield code="a">NOP</subfield><subfield code="b">eng</subfield><subfield code="c">NOP</subfield><subfield code="d">OCLCQ</subfield></datafield><datafield ind1=" " ind2=" " tag="042"><subfield code="a">msc</subfield></datafield><datafield ind1="0" ind2=" " tag="130"><subfield code="a">Independent (Towner, N.D.)</subfield></datafield><datafield ind1="1" ind2="4" tag="245"><subfield code="a">The Independent.</subfield></datafield><datafield ind1=" " ind2=" " tag="260"><subfield code="a">Towner, McHenry County, N.D. :</subfield><subfield code="b">McHenry County Independent Co.</subfield></datafield><datafield ind1=" " ind2=" " tag="300"><subfield code="a">3 v. :</subfield><subfield code="b">ill. ;</subfield><subfield code="c">56-60 cm.</subfield></datafield><datafield ind1=" " ind2=" " tag="310"><subfield code="a">Weekly</subfield></datafield><datafield ind1="0" ind2=" " tag="362"><subfield code="a">Vol. 3, no. 51 (Feb. 2, 1894)-v. 5, no. 10 (Apr. 19, 1895).</subfield></datafield><datafield ind1=" " ind2=" " tag="530"><subfield code="a">Available on microfilm from the State Historical Society of North Dakota.</subfield></datafield><datafield ind1=" " ind2=" " tag="752"><subfield code="a">United States</subfield><subfield code="b">North Dakota</subfield><subfield code="c">McHenry</subfield><subfield code="d">Towner.</subfield></datafield><datafield ind1="0" ind2="0" tag="780"><subfield code="t">McHenry County independent</subfield><subfield code="w">(DLC)sn 88076660</subfield></datafield><datafield ind1="0" ind2="0" tag="785"><subfield code="t">Towner news and stockman</subfield><subfield code="w">(DLC)sn 88076662</subfield></datafield></record>